@book{salton83introduction,
    author = {G. Salton and M. J. McGill},
    address = {New York},
    publisher = {McGraw-Hill},
    title = {{Introduction to Modern Information Retrieval}},
    isbn = {0-070-54484-0},
    year = {1983}
}

@book{creditanalysis,
    author = {N. Beeson},
    title = {{Introduction to Credit Analysis - Part 1 (Link: https://financeunlocked.com/credit-analysis-part-i/)}},
    publisher = {Finance Unlocked},
    keywords = {latex,finance_unlocked},
    year = {2019}
}

@book{investopediabaselaccord
    author ={J. Chen},
    title ={{The Basel Accord (Link: https://www.investopedia.com/terms/b/basel_accord.asp)}},
    publisher ={Investopedia},
    keywords ={basel,regulatory,investopedia},
    year = {2019}
}

@book{creditriskprinciple
    author = {BIS},
    title = {{Principles for the Management of Credit Risk (Link: https://www.bis.org/publ/bcbs75.htm)}},
    publisher = {BIS - Bank for International Settlments},
    keywords = {basel,regulatory,definitions},
    year = {2000}
}

@book{baselhistory_fu,
    author = {K. Sukhy},
    title = {{History of the Basel Accord (Link: https://financeunlocked.com/history-of-the-basel-accord/)}},
    publisher = {Finance Unlocked},
    keywords = {latex,finance_unlocked},
    year = {2020}
}

@book{baselhistory_bis,
    author ={A. Mario},
    title ={{History of the Basel Committee (Link: https://www.bis.org/bcbs/history.htm?m=3%7C14%7C573%7C76)}},
    publisher ={BIS - Bank for International Settlments},
    keywords ={basel,regulatory,history},
    year = {2019}
}

@book{bluhm2016introduction,
    title={Introduction to credit risk modeling},
    author={Bluhm, Christian and Overbeck, Ludger and Wagner, Christoph},
    publisher={Crc Press},
    keywords  ={bluhm,PD,calibration,creditriskmanagement},
    year={2016},
}

@book{investopediacreditrisk
    author ={O. Labarre},
    title ={{Credit risk (Link: https://www.investopedia.com/terms/c/creditrisk.asp)}},
    publisher ={Investopedia},
    keywords ={creditrisk,investopedia},
    year={2020}
}

@book{investopediacreditderivative
    author ={J. Chen},
    title ={{Credit derivative (Link: https://www.investopedia.com/terms/c/creditderivative.asp)}},
    publisher ={Investopedia},
    keywords ={creditderivative,investopedia},
    year={2019}
}

@book{bankofenglandcreditrisk
    author ={S. Chatterjee},
    title ={{Modelling credit risk (Link: https://www.bankofengland.co.uk/-/media/boe/files/ccbs/resources/modelling-credit-risk.pdf?la=en&hash=53B7332226FB2FB1B280B3D643DBB8AFF1FA5F32)}},
    publisher ={BoE - Bank of England},
    keywords ={creditrisk,modelling,BoE},
    issn = {1756-7270},
    year={2015}
}

@book{investopediacapitaltiers
    author ={S. Nickolas},
    title ={{Capital Tiers (Link: https://www.investopedia.com/ask/answers/043015/what-difference-between-tier-1-capital-and-tier-2-capital.asp)}},
    publisher ={Investopedia},
    keywords ={capitaltiers,investopedia},
    year={2020}
}

@book{investopediacapitalbuffers
    author ={J. Kagan},
    title ={{Capital Buffers (Link: https://www.investopedia.com/terms/c/capital-buffer.asp#:~:text=A\%20capital\%20buffer\%20is\%20mandatory,to\%20other\%20minimum\%20capital\%20requirements.&text=Note\%20that\%20capital\%20buffers\%20differ,set\%20by\%20the\%20central\%20bank.)}},
    publisher ={Investopedia},
    keywords ={capitalbuffers,investopedia},
    year={2020}
}

@book{investopedialeverageratio
    author ={A. Hayes},
    title ={{Leverage Ratio (Link: https://www.investopedia.com/terms/l/leverageratio.asp)}},
    publisher ={Investopedia},
    keywords ={leverageratio,investopedia},
    year={2020}
}

@book{investopediaLCR
    author ={C. Murphy},
    title ={{LCR (Liquidity Coverage Ratio) (Link: https://www.investopedia.com/terms/l/liquidity-coverage-ratio.asp#:~:text=The\%20liquidity\%20coverage\%20ratio\%20is,its\%20short\%2Dterm\%20financial\%20obligations.)}},
    publisher ={Investopedia},
    keywords ={LCR,investopedia},
    year={2020}
}

@book{investopediaNSFR
    author ={BIS NSFR},
    title ={{NSFR (Net Stable Funding Ratio) (Link: https://www.bis.org/bcbs/publ/d295.pdf)}},
    publisher ={Investopedia},
    keywords ={NSFR,investopedia},
    year={2014}
}


@book{baselI
    author ={BIS Basel I},
    title ={{Basel I - Regulatory Framework (Link: https://www.bis.org/publ/bcbs04.pdf)}},
    publisher ={BIS - Bank for International Settlments},
    keywords ={basel,regulatory,baselI},
    year={1988}
}

@book{baselII
    author ={BIS Basel II},
    title ={{Basel II - Regulatory Framework (Link: https://www.bis.org/publ/bcbsca02.htm)}},
    publisher ={BIS - Bank for International Settlments},
    keywords ={basel,regulatory,baselII},
    year={2004}
}

@book{baselIII
    author ={BIS Basel III},
    title ={{Basel III - Regulatory Framework (Link: https://www.bis.org/bcbs/basel3.htm)}},
    publisher ={BIS - Bank for International Settlments},
    keywords ={basel,regulatory,baselIII},
    year={2010}
}

@book{basel_CCR
    author ={BIS},
    title ={{Counterparty credit risk definitions and terminology (Link: https://www.bis.org/basel_framework/chapter/CRE/50.htm?inforce=20191215)}},
    publisher ={BIS - Bank for International Settlments},
    keywords ={basel,regulatory,CCR,definitions},
    year={2019}
}

@book{baselhistory_fu,
    author = {K. Sukhy},
    title = {{History of the Basel Accord (Link: https://financeunlocked.com/history-of-the-basel-accord/)}},
    publisher = {Finance Unlocked},
    keywords = {latex,finance_unlocked},
    year = {2020}
}

@book{baselhistory_bis,
    author ={A. Mario},
    title ={{History of the Basel Committee (Link: https://www.bis.org/bcbs/history.htm?m=3%7C14%7C573%7C76)}},
    publisher ={BIS - Bank for International Settlments},
    keywords ={basel,regulatory,history},
    year = {2019}
}

@book{frametheproblem,
    author              ={D. Lade},
    title               ={{Framing Data Science Questions The Right Way (Link: https://www.statworx.com/at/blog/whats-your-problem-framing-data-science-questions-the-right-way)}},
    publisher           ={STATWORX Blog},
    keywords            ={blog,datascience},
    year                ={2020}
}

@book{kaggledataset,
    author              ={L. Tse},
    title               ={{Credit Risk Dataset - Simulation of credit bureau data (Link: https://www.kaggle.com/laotse/credit-risk-dataset)}},
    publisher           ={Kaggle},
    keywords            ={kaggle,datascience},
    year                ={2020}
}

@book{debtconsolidationinvestopedia,
    author              ={K. Julia},
    title               ={{Debt consolidation (Link: https://www.investopedia.com/terms/d/debtconsolidation.asp)}},
    publisher           ={Investopedia},
    keywords            ={investopedia,debtconsolidation},
    year                ={2020}
}

@book{affordability,
    author              ={H. Salih},
    title               ={{Mortgage Affordability (Link: https://www.clearscore.com/learn/mortgages/how-much-can-i-borrow-a-guide-to-mortgage-affordability-assessments/)}},
    publisher           ={ClearScore},
    keywords            ={affordability,loans,mortgage}
    year                ={2017}
}

@incollection{benesty2009pearson,
  title={Pearson correlation coefficient},
  author={Benesty, Jacob and Chen, Jingdong and Huang, Yiteng and Cohen, Israel},
  booktitle={Noise reduction in speech processing},
  pages={1--4},
  year={2009},
  publisher={Springer}
}

@article{alin2010multicollinearity,
  title={Multicollinearity},
  author={Alin, Aylin},
  journal={Wiley Interdisciplinary Reviews: Computational Statistics},
  volume={2},
  number={3},
  pages={370--374},
  year={2010},
  publisher={Wiley Online Library}
}