@book{salton83introduction,
    author = {G. Salton and M. J. McGill},
    address = {New York},
    publisher = {McGraw-Hill},
    title = {{Introduction to Modern Information Retrieval}},
    isbn = {0-070-54484-0},
    year = {1983}
}

@book{creditanalysis,
    author = {N. Beeson},
    title = {{Introduction to Credit Analysis - Part 1 (Link: https://financeunlocked.com/credit-analysis-part-i/)}},
    publisher = {Finance Unlocked},
    keywords = {latex,finance_unlocked},
    year = {2019}
}

@book{baselhistory_fu,
    author = {K. Sukhy},
    title = {{History of the Basel Accord (Link: https://financeunlocked.com/history-of-the-basel-accord/)}},
    publisher = {Finance Unlocked},
    keywords = {latex,finance_unlocked},
    year = {2020}
}

@book{baselhistory_bis,
    author ={A. Mario},
    title ={{History of the Basel Committee (Link: https://www.bis.org/bcbs/history.htm?m=3%7C14%7C573%7C76)}},
    publisher ={BIS - Bank for International Settlments},
    keywords ={basel,regulatory,history},
    year = {2019}
}

@book{investopediabaselaccord
    author ={J. Chen},
    title ={{The Basel Accord (Link: https://www.investopedia.com/terms/b/basel_accord.asp)}},
    publisher ={Investopedia},
    keywords ={basel,regulatory,investopedia},
    year = {2019}
}

@book{creditriskprinciple
    author = {BIS},
    title = {{Principles for the Management of Credit Risk (Link: https://www.bis.org/publ/bcbs75.htm)}},
    publisher = {BIS - Bank for International Settlments},
    keywords = {basel,regulatory,definitions},
    year = {2000}
}

@book{bluhm2016introduction,
    title={Introduction to credit risk modeling},
    author={Bluhm, Christian and Overbeck, Ludger and Wagner, Christoph},
    publisher={Crc Press},
    keywords  ={bluhm,PD,calibration,creditriskmanagement},
    year={2016},
}

@book{investopediacreditrisk
    author ={O. Labarre},
    title ={{Credit risk (Link: https://www.investopedia.com/terms/c/creditrisk.asp)}},
    publisher ={Investopedia},
    keywords ={creditrisk,investopedia},
    year={2020}
}

@book{investopediacreditderivative
    author ={J. Chen},
    title ={{Credit derivative (Link: https://www.investopedia.com/terms/c/creditderivative.asp)}},
    publisher ={Investopedia},
    keywords ={creditderivative,investopedia},
    year={2019}
}

@book{bankofenglandcreditrisk
    author ={S. Chatterjee},
    title ={{Modelling credit risk (Link: https://www.bankofengland.co.uk/-/media/boe/files/ccbs/resources/modelling-credit-risk.pdf?la=en&hash=53B7332226FB2FB1B280B3D643DBB8AFF1FA5F32)}},
    publisher ={BoE - Bank of England},
    keywords ={creditrisk,modelling,BoE},
    issn = {1756-7270},
    year={2015}
}

@book{basel_CCR
    author ={BIS},
    title ={{Counterparty credit risk definitions and terminology (Link: https://www.bis.org/basel_framework/chapter/CRE/50.htm?inforce=20191215)}},
    publisher ={BIS - Bank for International Settlments},
    keywords ={basel,regulatory,CCR,definitions},
    year={2019}
}

@book{frametheproblem,
    author              ={D. Lade},
    title               ={{Framing Data Science Questions The Right Way (Link: https://www.statworx.com/at/blog/whats-your-problem-framing-data-science-questions-the-right-way)}},
    publisher           ={STATWORX Blog},
    keywords            ={blog,datascience},
    year                ={2020}
}

@book{kaggledataset,
    author              ={L. Tse},
    title               ={{Credit Risk Dataset - Simulation of credit bureau data (Link: https://www.kaggle.com/laotse/credit-risk-dataset)}},
    publisher           ={Kaggle},
    keywords            ={kaggle,datascience},
    year                ={2020}
}

@book{debtconsolidationinvestopedia,
    author              ={K. Julia},
    title               ={{Debt consolidation (Link: https://www.investopedia.com/terms/d/debtconsolidation.asp)}},
    publisher           ={Investopedia},
    keywords            ={investopedia,debtconsolidation},
    year                ={2020}
}

@book{affordability,
    author              ={H. Salih},
    title               ={{Mortgage Affordability (Link: https://www.clearscore.com/learn/mortgages/how-much-can-i-borrow-a-guide-to-mortgage-affordability-assessments/)}},
    publisher           ={ClearScore},
    keywords            ={affordability,loans,mortgage}
    year                ={2017}
}

