@online{creditanalysis,
    author = "Nick Beeson - Finance Unlocked",
    title = "Introduction to Credit Analysis - Part 1",
    url  = "https://financeunlocked.com/credit-analysis-part-i/",
    addendum = "(accessed: 06.09.2020)",
    publisher = "Finance Unlocked",
    keywords = "latex,finance_unlocked"
}

@online{baselhistory_fu,
    author = "Sukhy Kaur - Finance Unlocked",
    title = "History of the Basel Accord",
    url  = "https://financeunlocked.com/history-of-the-basel-accord/",
    addendum = "(accessed: 06.09.2020)",
    publisher = "Finance Unlocked",
    keywords = "latex,finance_unlocked"
}

@online{baselhistory_bis,
    author = "Bank for International Settlments",
    title = "History of the Basel Committee",
    url  = "https://www.bis.org/bcbs/history.htm?m=3%7C14%7C573%7C76)",
    addendum = "(accessed: 06.09.2020)",
    publisher = "BIS - Bank for International Settlments",
    keywords = "basel,regulatory,history"
}

@online{investopediabaselaccord
    author = "James Chen",
    title = "The Basel Accord",
    url = "https://www.investopedia.com/terms/b/basel_accord.asp",
    addendum = "(accessed: 06.09.2020)",
    publisher = "Investopedia",
    keywords = "basel,regulatory,investopedia"
}

@online{creditriskprinciple
    author = "Bank for International Settlments",
    title = "Principles for the Management of Credit Risk",
    url  = "https://www.bis.org/publ/bcbs75.htm",
    addendum = "(accessed: 06.09.2020)",
    publisher = "BIS - Bank for International Settlments",
    keywords = "basel,regulatory,definitions"
}

@book{bluhm2016introduction,
    title={Introduction to credit risk modeling},
    author={Bluhm, Christian and Overbeck, Ludger and Wagner, Christoph},
    year={2016},
    publisher={Crc Press},
    keywords  = "bluhm,PD,calibration,creditriskmanagement"
}

@online{investopediacreditrisk
    author = "Olivia Labarre",
    title = "Credit risk",
    url = "https://www.investopedia.com/terms/c/creditrisk.asp",
    addendum = "(accessed: 06.09.2020)",
    publisher = "Investopedia",
    keywords = "creditrisk,investopedia"
}

@online{investopediacreditderivative
    author = "James Chen",
    title = "Credit derivative",
    url = "https://www.investopedia.com/terms/c/creditderivative.asp",
    addendum = "(accessed: 06.09.2020)",
    publisher = "Investopedia",
    keywords = "creditderivative,investopedia"
}

@online{bankofenglandcreditrisk
    author = "Somnath Chatterjee",
    title = "Modelling credit risk",
    url = "https://www.bankofengland.co.uk/-/media/boe/files/ccbs/resources/modelling-credit-risk.pdf?la=en&hash=53B7332226FB2FB1B280B3D643DBB8AFF1FA5F32",
    addendum = "(accessed: 06.09.2020)",
    publisher = "BoE - Bank of England",
    keywords = "creditrisk,modelling,BoE"
}


@online{basel_CCR
    author = "Bank for International Settlments",
    title = "Counterparty credit risk definitions and terminology",
    url  = "https://www.bis.org/basel_framework/chapter/CRE/50.htm?inforce=20191215",
    addendum = "(accessed: 06.09.2020)",
    publisher = "BIS - Bank for International Settlments",
    keywords = "basel,regulatory,CCR,definitions"
}



@article{key,
  author          = {},
  title           = {},
  journal         = {},
  volume          = {},
  number          = {},
  year            = {}
}